<record><leader>00000cas a2200000 a 4500</leader><controlfield tag="001">32028190</controlfield><controlfield tag="008">950221u1928uuuumiumr n       0    0eng c</controlfield><datafield ind1=" " ind2=" " tag="010"><subfield code="a">sn 97063366 </subfield></datafield><datafield ind1=" " ind2=" " tag="040"><subfield code="a">EEM</subfield><subfield code="b">eng</subfield><subfield code="c">EEM</subfield><subfield code="d">MHN</subfield><subfield code="d">OCL</subfield><subfield code="d">OCLCQ</subfield><subfield code="d">OCLCF</subfield><subfield code="d">OCLCO</subfield></datafield><datafield ind1="1" ind2=" " tag="029"><subfield code="a">AU@</subfield><subfield code="b">000013409181</subfield></datafield><datafield ind1=" " ind2=" " tag="042"><subfield code="a">pcc</subfield></datafield><datafield ind1=" " ind2=" " tag="043"><subfield code="a">n-us-mi</subfield></datafield><datafield ind1=" " ind2=" " tag="090"><subfield code="a">HS2330.K6</subfield><subfield code="b">G7</subfield></datafield><datafield ind1="0" ind2="0" tag="245"><subfield code="a">Gratiot County night hawk.</subfield></datafield><datafield ind1=" " ind2=" " tag="260"><subfield code="a">Alma, Mich. :</subfield><subfield code="b">Night Hawk Committee,</subfield><subfield code="c">1928-</subfield></datafield><datafield ind1=" " ind2=" " tag="300"><subfield code="a">v. ;</subfield><subfield code="c">55 cm.</subfield></datafield><datafield ind1="1" ind2=" " tag="362"><subfield code="a">Began in 1928.</subfield></datafield><datafield ind1=" " ind2="0" tag="651"><subfield code="a">Alma (Mich.)</subfield><subfield code="v">Newspapers.</subfield></datafield><datafield ind1=" " ind2="0" tag="651"><subfield code="a">Gratiot County (Mich.)</subfield><subfield code="v">Newspapers.</subfield></datafield><datafield ind1=" " ind2="7" tag="655"><subfield code="a">Newspapers.</subfield><subfield code="2">fast</subfield><subfield code="0">(OCoLC)fst01423814</subfield></datafield><datafield ind1=" " ind2="7" tag="651"><subfield code="a">Michigan</subfield><subfield code="z">Alma.</subfield><subfield code="2">fast</subfield><subfield code="0">(OCoLC)fst01219903</subfield></datafield><datafield ind1=" " ind2="7" tag="651"><subfield code="a">Michigan</subfield><subfield code="z">Gratiot County.</subfield><subfield code="2">fast</subfield><subfield code="0">(OCoLC)fst01206847</subfield></datafield><datafield ind1=" " ind2=" " tag="752"><subfield code="a">United States</subfield><subfield code="b">Michigan</subfield><subfield code="c">Gratiot</subfield><subfield code="d">Alma.</subfield></datafield></record>